% Encoding: UTF-8
@book{lamport1994latex,
  title={LATEX: a document preparation system: user's guide and reference manual},
  author={Lamport, Leslie},
  year={1994},
  publisher={Addison-wesley}
}

@article{pritchard1969statistical,
  title={Statistical bibliography or bibliometrics},
  author={Pritchard, Alan and others},
  journal={Journal of documentation},
  volume={25},
  number={4},
  pages={348--349},
  year={1969},
  publisher={New York}
}
@Book{zh-book-1,
  title     = {边缘计算},
  publisher = {科学出版社},
  year      = {2018},
  author    = {施巍松 and 刘芳 and 孙辉 and 裴庆祺},
  address   = {北京},
  language  = {zh},
}

@Article{shiweisong2019,
  author  = {施巍松 and 张星洲 and 王一帆 and 张庆阳},
  title   = {边缘计算:现状与展望},
  journal = {计算机研究与发展},
  year    = {2019},
  volume  = {56},
  number  = {01},
  pages   = {69--89},
}

@Article{Hadzic2019Server,
  author  = {Ilija Hadzic and Yoshihisa Abe and Hans Christian Woithe},
  title   = {{Server Placement and Selection for Edge Computing in the ePC}},
  journal = {{IEEE} Trans. Services Computing},
  year    = {2019},
  volume  = {12},
  number  = {5},
  pages   = {671--684},
}

@Comment{jabref-meta: databaseType:bibtex;}
